<record><leader>00000cas a2200000Ma 4500</leader><controlfield tag="001">11102805</controlfield><controlfield tag="008">840829d18701876inuwr ne      0    0eng d</controlfield><datafield ind1=" " ind2=" " tag="010"><subfield code="a">sn 84023959 </subfield></datafield><datafield ind1=" " ind2=" " tag="040"><subfield code="a">AQM</subfield><subfield code="b">eng</subfield><subfield code="c">AQM</subfield><subfield code="d">OCLCQ</subfield></datafield><datafield ind1="0" ind2=" " tag="130"><subfield code="a">Weekly news (Indianapolis, Ind.)</subfield></datafield><datafield ind1="1" ind2="4" tag="245"><subfield code="a">The weekly news.</subfield></datafield><datafield ind1=" " ind2=" " tag="260"><subfield code="a">Indianapolis, Ind. :</subfield><subfield code="b">John H. Holiday,</subfield><subfield code="c">1870-1876.</subfield></datafield><datafield ind1=" " ind2=" " tag="310"><subfield code="a">Weekly</subfield></datafield><datafield ind1="0" ind2=" " tag="362"><subfield code="a">Vol. 1, no. 1 (Nov. 30, 1870)-v. 7, no. 14 (Sept. 13, 1876).</subfield></datafield><datafield ind1=" " ind2=" " tag="580"><subfield code="a">Also published in daily eds. called: The Evening news (Indianapolis, Ind.), Dec. 9, 1869-May 8, 1876; and: Indianapolis news (Indianapolis, Ind. : Daily), May 8, 1876-</subfield></datafield><datafield ind1=" " ind2="7" tag="655"><subfield code="a">Newspapers.</subfield><subfield code="2">rbgenr</subfield></datafield><datafield ind1=" " ind2=" " tag="752"><subfield code="a">United States</subfield><subfield code="b">Indiana</subfield><subfield code="c">Marion</subfield><subfield code="d">Indianapolis.</subfield></datafield><datafield ind1="1" ind2=" " tag="775"><subfield code="t">Evening news (Indianapolis, Ind.)</subfield><subfield code="w">(DLC)sn 85047503</subfield></datafield><datafield ind1="1" ind2=" " tag="775"><subfield code="t">Indianapolis news (Indianapolis, Ind. : Daily)</subfield><subfield code="w">(DLC)sn 82015664</subfield></datafield><datafield ind1="0" ind2="0" tag="785"><subfield code="t">Indianapolis news (Indianapolis, Ind. : Weekly)</subfield><subfield code="w">(DLC)sn 87056503</subfield></datafield><datafield ind1="1" ind2=" " tag="029"><subfield code="a">AU@</subfield><subfield code="b">000020338170</subfield></datafield></record>